%% This BibTeX bibliography file was created using BibDesk.
%% http://www.cs.ucsd.edu/~mmccrack/bibdesk.html


%% Created for neil at 2002-12-09 14:04:13 +1300 

@Article{,
  Title                    = {An Investigation of the Therac-25 Accidents},
  Author                   = {Nancy Leveson, Clark S. Turner},
  Journal                  = {IEEE Computer},
  Year                     = {1993},

  Month                    = {July 1993},
  Number                   = {No. 7},
  Pages                    = {pp. 18-41.},
  Volume                   = {Vol. 26},

  Owner                    = {shawmarc},
  Timestamp                = {2015.06.29}
}

@Misc{,
  Title                    = {CHAOS Manifesto},

  Author                   = {The Standish Group},
  Year                     = {2012},

  Owner                    = {shawmarc},
  Timestamp                = {2015.06.29},
  Url                      = {http://www.versionone.com/assets/img/files/CHAOSManifesto2012.pdf}
}


@Misc{,
  Title                    = {Call Graph},

  Author                   = {Wikipedia},

  Owner                    = {shawmarc},
  Timestamp                = {2015.06.29},
  Url                      = {https://en.wikipedia.org/wiki/Call_graph}
}
