%% This BibTeX bibliography file was created using BibDesk.
%% http://www.cs.ucsd.edu/~mmccrack/bibdesk.html


%% Created for neil at 2002-12-09 14:04:13 +1300 

@Misc{chaos,
  Title                    = {CHAOS Manifesto},

  Author                   = {{The Standish Group}},
  Year                     = {2012},

  Owner                    = {shawmarc},
  Timestamp                = {},
  Note                      = {\url{http://www.versionone.com/assets/img/files/CHAOSManifesto2012.pdf} - Accessed at: 2015.06.29}
}
@inproceedings{levenshtein1966binary,
  title={Binary codes capable of correcting deletions, insertions, and reversals},
  author={Levenshtein, Vladimir I},
  booktitle={Soviet physics doklady},
  volume={10},
  number={8},
  pages={707--710},
  year={1966}
}

@article{singh2011analytical,
  title={Analytical review of test redundancy detection techniques},
  author={Singh, Nagendra Pratap and Mishra, Rishi and Yadav, Rajit Ram},
  journal={Int J Comput Appl},
  pages={0975--8887},
  year={2011},
  publisher={Citeseer}
}

@article{wilcoxon1945individual,
  title={Individual comparisons by ranking methods},
  author={Wilcoxon, Frank},
  journal={Biometrics bulletin},
  pages={80--83},
  year={1945},
  publisher={JSTOR}
}

@incollection{nonparametric,
year={2011},
isbn={978-3-642-04897-5},
booktitle={International Encyclopedia of Statistical Science},
editor={Lovric, Miodrag},
doi={10.1007/978-3-642-04898-2_420},
title={Nonparametric Statistical Inference},
url={http://dx.doi.org/10.1007/978-3-642-04898-2_420},
publisher={Springer Berlin Heidelberg},
author={Gibbons, JeanDickinson and Chakraborti, Subhabrata},
pages={977-979},
language={English}
}

@book{mcdonald2009handbook,
  title={Handbook of biological statistics},
  author={McDonald, John H},
  volume={2},
  year={2009},
  publisher={Sparky House Publishing Baltimore, MD}
}

@article{monge1997efficient,
  title={An efficient domain-independent algorithm for detecting approximately duplicate database records},
  author={Monge, Alvaro and Elkan, Charles},
  year={1997},
  publisher={Citeseer}
}


@Article{therac,
  Title                    = {An Investigation of the Therac-25 Accidents},
  Author                   = {Nancy Leveson, Clark S. Turner},
  Journal                  = {IEEE Computer},
  Year                     = {1993},

  Month                    = {July 1993},
  Number                   = {No. 7},
  Pages                    = {pp. 18-41.},
  Volume                   = {Vol. 26},

  Owner                    = {shawmarc},
  Timestamp                = {2015.06.29}
}

@InProceedings{li2008static,
  Title                    = {Static detection of redundant test cases: An initial study},
  Author                   = {Li, Nuo and Francis, Patrick and Robinson, Brian},
  Booktitle                = {Software Reliability Engineering, 2008. ISSRE 2008. 19th International Symposium on},
  Year                     = {2008},
  Organization             = {IEEE},
  Pages                    = {303--304}
}

@InCollection{fraser2007redundancy,
  Title                    = {Redundancy based test-suite reduction},
  Author                   = {Fraser, Gordon and Wotawa, Franz},
  Booktitle                = {Fundamental Approaches to Software Engineering},
  Publisher                = {Springer},
  Year                     = {2007},
  Pages                    = {291--305}
}

@Manual{mavenjunit,
  Title                    = {Using JUnit with Maven},
  Edition                  = {2.18.1},
  Month                    = {12},
  Organization             = {Maven},
  Year                     = {2014},
  HowPublished             = {Online},
  Owner                    = {shawmarc},
  Timestamp                = {2015.07.01},
  Url                      = {http://maven.apache.org/surefire/maven-surefire-plugin/examples/junit.html}
}

@misc{spring,
  Title                    = {Introduction to the Spring Framework},
  Organization             = {Spring},
  HowPublished             = {Online},
  Owner                    = {shawmarc},
  Note                      = {\url{http://docs.spring.io/spring/docs/current/spring-framework-reference/html/overview.html} - Accessed at: 2015.10.08}
}

@misc{antjunit,
  Title                    = {Using JUnit with Ant},
  Organization             = {Ant},
  HowPublished             = {Online},
  Owner                    = {shawmarc},
  Note                      = {\url{https://ant.apache.org/manual/Tasks/junit.html} - Accessed at: 2015.07.01}
}

@misc{weaving,
  Title                    = {Different types of weaving in AspectJ},
  Organization             = {Eclipse},
  HowPublished             = {Online},
  Owner                    = {shawmarc},
  Note                      = {\url{https://eclipse.org/aspectj/doc/released/devguide/ltw.html} - Accessed at: 2015.07.01}
}

@misc{aspectj,
  Title                    = {The Anatomy of an Aspectj},
  Organization             = {Eclipse},
  HowPublished             = {Online},
  Owner                    = {shawmarc},
  Note                      = {\url{https://eclipse.org/aspectj/doc/released/progguide/language-anatomy.html} - Accessed at: 2015.07.01}
}

@misc{oraclereflection,
  Title                    = {Different types of weaving in AspectJ},
  Organization             = {Eclipse},
  HowPublished             = {Online},
  Owner                    = {shawmarc},
  Note                      = {\url{https://docs.oracle.com/javase/tutorial/reflect/} - Accessed at: 2015.10.01}
}

@book{booch2006object,
  title={Object oriented analysis \& design with application},
  author={Booch, Grady},
  year={2006},
  publisher={Pearson Education India}
}


@inproceedings{wong1995effect,
  title={Effect of test set minimization on fault detection effectiveness},
  author={Wong, W Eric and Horgan, Joseph R and London, Saul and Mathur, Aditya P},
  booktitle={Software Engineering, 1995. ICSE 1995. 17th International Conference on},
  pages={41--41},
  year={1995},
  organization={IEEE}
}

@article{wong1999test,
  title={Test set size minimization and fault detection effectiveness: A case study in a space application},
  author={Wong, W Eric and Horgan, Joseph R and Mathur, Aditya P and Pasquini, Alberto},
  journal={Journal of Systems and Software},
  volume={48},
  number={2},
  pages={79--89},
  year={1999},
  publisher={Elsevier}
}

@inproceedings{rothermel1998empirical,
  title={An empirical study of the effects of minimization on the fault detection capabilities of test suites},
  author={Rothermel, Gregg and Harrold, Mary Jean and Ostrin, Jeffery and Hong, Christie},
  booktitle={Software Maintenance, 1998. Proceedings., International Conference on},
  pages={34--43},
  year={1998},
  organization={IEEE}
}

@inproceedings{graham1982gprof,
  title={Gprof: A call graph execution profiler},
  author={Graham, Susan L and Kessler, Peter B and Mckusick, Marshall K},
  booktitle={ACM Sigplan Notices},
  volume={17},
  number={6},
  pages={120--126},
  year={1982},
  organization={ACM}
}

@MISC{Zhuang06accurate,
    author = {Xiaotong Zhuang and et al.},
    title = { Accurate, Efficient, and Adaptive Calling Context Profiling},
    year = {2006}
}

@article{rothermel2002empirical,
  title={Empirical studies of test-suite reduction},
  author={Rothermel, Gregg and Harrold, Mary Jean and Von Ronne, Jeffery and Hong, Christie},
  journal={Software Testing, Verification and Reliability},
  volume={12},
  number={4},
  pages={219--249},
  year={2002},
  publisher={Wiley Online Library}
}

@inproceedings{koochakzadeh2009test,
  title={Test redundancy measurement based on coverage information: evaluations and lessons learned},
  author={Koochakzadeh, Negar and Garousi, Vahid and Maurer, Frank},
  booktitle={Software Testing Verification and Validation, 2009. ICST'09. International Conference on},
  pages={220--229},
  year={2009},
  organization={IEEE}
}

@misc {oracle2015,
    author = "Oracle",
    year   = "2015",
    note = "Oracle\todo{fix tihs}"
}

@inproceedings{zhang2011empirical,
  title={An empirical study of junit test-suite reduction},
  author={Zhang, Lingming and Marinov, Darko and Zhang, Lu and Khurshid, Sarfraz},
  booktitle={Software Reliability Engineering (ISSRE), 2011 IEEE 22nd International Symposium on},
  pages={170--179},
  year={2011},
  organization={IEEE}
}

@inproceedings{jeffrey2005test,
  title={Test suite reduction with selective redundancy},
  author={Jeffrey, Dennis and Gupta, Neelam},
  booktitle={Software Maintenance, 2005. ICSM'05. Proceedings of the 21st IEEE International Conference on},
  pages={549--558},
  year={2005},
  organization={IEEE}
}

@article{harrold1993methodology,
  title={A methodology for controlling the size of a test suite},
  author={Harrold, M Jean and Gupta, Rajiv and Soffa, Mary Lou},
  journal={ACM Transactions on Software Engineering and Methodology (TOSEM)},
  volume={2},
  number={3},
  pages={270--285},
  year={1993},
  publisher={ACM}
}

@article{blackburn2008wake,
  title={Wake up and smell the coffee: evaluation methodology for the 21st century},
  author={Blackburn, Stephen M and McKinley, Kathryn S and Garner, Robin and Hoffmann, Chris and Khan, Asjad M and Bentzur, Rotem and Diwan, Amer and Feinberg, Daniel and Frampton, Daniel and Guyer, Samuel Z and others},
  journal={Communications of the ACM},
  volume={51},
  number={8},
  pages={83--89},
  year={2008},
  publisher={ACM}
}

@article{georges2007statistically,
  title={Statistically rigorous java performance evaluation},
  author={Georges, Andy and Buytaert, Dries and Eeckhout, Lieven},
  journal={ACM SIGPLAN Notices},
  volume={42},
  number={10},
  pages={57--76},
  year={2007},
  publisher={ACM}
}

@Misc{issuetrack,
  Title                    = {Issue Tracking},

  Author                   = {{Stack Exchange}},
  HowPublished             = {Online},
  Owner                    = {shawmarc},
  Note                      = {\url{http://programmers.stackexchange.com/questions/137611/add-a-unit-test-for-each-new-bug} - Accessed at: 2015.06.29}
}

@Misc{whentotest,
  Title                    = {When to write unit tests},

  Author                   = {{Stack Exchange}},
  HowPublished             = {Online},
  Owner                    = {shawmarc},
  Url                      = {\url{http://programmers.stackexchange.com/questions/186268/when-to-write-unit-tests-is-there-any-or-list-of-terms-to-take-right-decision} - Accessed at: 2015.06.29}
}

@article{navarro2001guided,
  title={A guided tour to approximate string matching},
  author={Navarro, Gonzalo},
  journal={ACM computing surveys (CSUR)},
  volume={33},
  number={1},
  pages={31--88},
  year={2001},
  publisher={ACM}
}

@inproceedings{cohen2003comparison,
  title={A comparison of string metrics for matching names and records},
  author={Cohen, William and Ravikumar, Pradeep and Fienberg, Stephen},
  booktitle={Kdd workshop on data cleaning and object consolidation},
  volume={3},
  pages={73--78},
  year={2003}
}