%% This BibTeX bibliography file was created using BibDesk.
%% http://www.cs.ucsd.edu/~mmccrack/bibdesk.html


%% Created for neil at 2002-12-09 14:04:13 +1300 

@Misc{chaos,
  Title                    = {CHAOS Manifesto},

  Author                   = {The Standish Group},
  Year                     = {2012},

  Owner                    = {shawmarc},
  Timestamp                = {2015.06.29},
  Url                      = {http://www.versionone.com/assets/img/files/CHAOSManifesto2012.pdf}
}
@Article{therac,
  Title                    = {An Investigation of the Therac-25 Accidents},
  Author                   = {Nancy Leveson, Clark S. Turner},
  Journal                  = {IEEE Computer},
  Year                     = {1993},

  Month                    = {July 1993},
  Number                   = {No. 7},
  Pages                    = {pp. 18-41.},
  Volume                   = {Vol. 26},

  Owner                    = {shawmarc},
  Timestamp                = {2015.06.29}
}
@Misc{callingcontext,
  Title                    = {Call Graph},

  Author                   = {Wikipedia},
  HowPublished             = {Online},
  Owner                    = {shawmarc},
  Timestamp                = {2015.06.29},
  Url                      = {https://en.wikipedia.org/wiki/Call_graph}
}
@Misc{aspectwiki,
  Title                    = {Aspect Oriented Programming},

  Author                   = {Wikipedia},
  HowPublished             = {Online},

  Owner                    = {shawmarc},
  Timestamp                = {2015.07.01},
  Url                      = {https://en.wikipedia.org/wiki/Aspect-oriented_programming}
}

@InProceedings{li2008static,
  Title                    = {Static detection of redundant test cases: An initial study},
  Author                   = {Li, Nuo and Francis, Patrick and Robinson, Brian},
  Booktitle                = {Software Reliability Engineering, 2008. ISSRE 2008. 19th International Symposium on},
  Year                     = {2008},
  Organization             = {IEEE},
  Pages                    = {303--304}
}

@InCollection{fraser2007redundancy,
  Title                    = {Redundancy based test-suite reduction},
  Author                   = {Fraser, Gordon and Wotawa, Franz},
  Booktitle                = {Fundamental Approaches to Software Engineering},
  Publisher                = {Springer},
  Year                     = {2007},
  Pages                    = {291--305}
}

@Manual{mavenjunit,
  Title                    = {Using JUnit with Maven},
  Edition                  = {2.18.1},
  Month                    = {12},
  Organization             = {Maven},
  Year                     = {2014},
  HowPublished             = {Online},
  Owner                    = {shawmarc},
  Timestamp                = {2015.07.01},
  Url                      = {http://maven.apache.org/surefire/maven-surefire-plugin/examples/junit.html}
}

@Manual{antjunit,
  Title                    = {Using JUnit with Ant},
  Organization             = {Ant},
  HowPublished             = {Online},
  Owner                    = {shawmarc},
  Timestamp                = {2015.07.01},
  Url                      = {https://ant.apache.org/manual/Tasks/junit.html}
}

@Manual{weaving,
  Title                    = {Different types of weaving in AspectJ},
  Organization             = {Eclipse},
  HowPublished             = {Online},
  Owner                    = {shawmarc},
  Timestamp                = {2015.07.01},
  Url                      = {https://eclipse.org/aspectj/doc/released/devguide/ltw.html}
}

@book{booch2006object,
  title={Object oriented analysis \& design with application},
  author={Booch, Grady},
  year={2006},
  publisher={Pearson Education India}
}

@Misc{bloomfilterwiki,
  Title                    = {Bloom Filter},

  Author                   = {Wikipedia},
  HowPublished             = {Online},

  Owner                    = {shawmarc},
  Timestamp                = {2015.07.01},
  Url                      = {https://en.wikipedia.org/wiki/Bloom_filter}
}
