%% This BibTeX bibliography file was created using BibDesk.
%% http://www.cs.ucsd.edu/~mmccrack/bibdesk.html


%% Created for neil at 2002-12-09 14:04:13 +1300 

@Misc{chaos,
  Title                    = {CHAOS Manifesto},

  Author                   = {The Standish Group},
  Year                     = {2012},

  Owner                    = {shawmarc},
  Timestamp                = {2015.06.29},
  Url                      = {http://www.versionone.com/assets/img/files/CHAOSManifesto2012.pdf}
}



@Article{therac,
  Title                    = {An Investigation of the Therac-25 Accidents},
  Author                   = {Nancy Leveson, Clark S. Turner},
  Journal                  = {IEEE Computer},
  Year                     = {1993},

  Month                    = {July 1993},
  Number                   = {No. 7},
  Pages                    = {pp. 18-41.},
  Volume                   = {Vol. 26},

  Owner                    = {shawmarc},
  Timestamp                = {2015.06.29}
}
@Misc{callingcontext,
  Title                    = {Call Graph},

  Author                   = {Wikipedia},
  HowPublished             = {Online},
  Owner                    = {shawmarc},
  Timestamp                = {2015.06.29},
  Url                      = {https://en.wikipedia.org/wiki/Call_graph}
}


@Misc{aspectwiki,
  Title                    = {Aspect Oriented Programming},

  Author                   = {Wikipedia},
  HowPublished             = {Online},

  Owner                    = {shawmarc},
  Timestamp                = {2015.07.01},
  Url                      = {https://en.wikipedia.org/wiki/Aspect-oriented_programming}
}

@InProceedings{li2008static,
  Title                    = {Static detection of redundant test cases: An initial study},
  Author                   = {Li, Nuo and Francis, Patrick and Robinson, Brian},
  Booktitle                = {Software Reliability Engineering, 2008. ISSRE 2008. 19th International Symposium on},
  Year                     = {2008},
  Organization             = {IEEE},
  Pages                    = {303--304}
}

@InCollection{fraser2007redundancy,
  Title                    = {Redundancy based test-suite reduction},
  Author                   = {Fraser, Gordon and Wotawa, Franz},
  Booktitle                = {Fundamental Approaches to Software Engineering},
  Publisher                = {Springer},
  Year                     = {2007},
  Pages                    = {291--305}
}

@Manual{mavenjunit,
  Title                    = {Using JUnit with Maven},
  Edition                  = {2.18.1},
  Month                    = {12},
  Organization             = {Maven},
  Year                     = {2014},
  HowPublished             = {Online},
  Owner                    = {shawmarc},
  Timestamp                = {2015.07.01},
  Url                      = {http://maven.apache.org/surefire/maven-surefire-plugin/examples/junit.html}
}

@Manual{antjunit,
  Title                    = {Using JUnit with Ant},
  Organization             = {Ant},
  HowPublished             = {Online},
  Owner                    = {shawmarc},
  Timestamp                = {2015.07.01},
  Url                      = {https://ant.apache.org/manual/Tasks/junit.html}
}

@Manual{weaving,
  Title                    = {Different types of weaving in AspectJ},
  Organization             = {Eclipse},
  HowPublished             = {Online},
  Owner                    = {shawmarc},
  Timestamp                = {2015.07.01},
  Url                      = {https://eclipse.org/aspectj/doc/released/devguide/ltw.html}
}

@book{booch2006object,
  title={Object oriented analysis \& design with application},
  author={Booch, Grady},
  year={2006},
  publisher={Pearson Education India}
}

@Misc{bloomfilterwiki,
  Title                    = {Bloom Filter},

  Author                   = {Wikipedia},
  HowPublished             = {Online},

  Owner                    = {shawmarc},
  Timestamp                = {2015.07.01},
  Url                      = {https://en.wikipedia.org/wiki/Bloom_filter}
}

@inproceedings{wong1995effect,
  title={Effect of test set minimization on fault detection effectiveness},
  author={Wong, W Eric and Horgan, Joseph R and London, Saul and Mathur, Aditya P},
  booktitle={Software Engineering, 1995. ICSE 1995. 17th International Conference on},
  pages={41--41},
  year={1995},
  organization={IEEE}
}

@article{wong1999test,
  title={Test set size minimization and fault detection effectiveness: A case study in a space application},
  author={Wong, W Eric and Horgan, Joseph R and Mathur, Aditya P and Pasquini, Alberto},
  journal={Journal of Systems and Software},
  volume={48},
  number={2},
  pages={79--89},
  year={1999},
  publisher={Elsevier}
}

@inproceedings{rothermel1998empirical,
  title={An empirical study of the effects of minimization on the fault detection capabilities of test suites},
  author={Rothermel, Gregg and Harrold, Mary Jean and Ostrin, Jeffery and Hong, Christie},
  booktitle={Software Maintenance, 1998. Proceedings., International Conference on},
  pages={34--43},
  year={1998},
  organization={IEEE}
}

@article{rothermel2002empirical,
  title={Empirical studies of test-suite reduction},
  author={Rothermel, Gregg and Harrold, Mary Jean and Von Ronne, Jeffery and Hong, Christie},
  journal={Software Testing, Verification and Reliability},
  volume={12},
  number={4},
  pages={219--249},
  year={2002},
  publisher={Wiley Online Library}
}

@inproceedings{koochakzadeh2009test,
  title={Test redundancy measurement based on coverage information: evaluations and lessons learned},
  author={Koochakzadeh, Negar and Garousi, Vahid and Maurer, Frank},
  booktitle={Software Testing Verification and Validation, 2009. ICST'09. International Conference on},
  pages={220--229},
  year={2009},
  organization={IEEE}
}

@inproceedings{zhang2011empirical,
  title={An empirical study of junit test-suite reduction},
  author={Zhang, Lingming and Marinov, Darko and Zhang, Lu and Khurshid, Sarfraz},
  booktitle={Software Reliability Engineering (ISSRE), 2011 IEEE 22nd International Symposium on},
  pages={170--179},
  year={2011},
  organization={IEEE}
}

@inproceedings{jeffrey2005test,
  title={Test suite reduction with selective redundancy},
  author={Jeffrey, Dennis and Gupta, Neelam},
  booktitle={Software Maintenance, 2005. ICSM'05. Proceedings of the 21st IEEE International Conference on},
  pages={549--558},
  year={2005},
  organization={IEEE}
}

@article{harrold1993methodology,
  title={A methodology for controlling the size of a test suite},
  author={Harrold, M Jean and Gupta, Rajiv and Soffa, Mary Lou},
  journal={ACM Transactions on Software Engineering and Methodology (TOSEM)},
  volume={2},
  number={3},
  pages={270--285},
  year={1993},
  publisher={ACM}
}

@Misc{issuetrack,
  Title                    = {Issue Tracking},

  Author                   = {Stack Exchange},
  HowPublished             = {Online},
  Owner                    = {shawmarc},
  Timestamp                = {2015.06.29},
  Url                      = {http://programmers.stackexchange.com/questions/137611/add-a-unit-test-for-each-new-bug}
}

@Misc{whentotest,
  Title                    = {When to write unit tests},

  Author                   = {Stack Exchange},
  HowPublished             = {Online},
  Owner                    = {shawmarc},
  Timestamp                = {2015.06.29},
  Url                      = {http://programmers.stackexchange.com/questions/186268/when-to-write-unit-tests-is-there-any-or-list-of-terms-to-take-right-decision}
}